@inproceedings{origin,
  author    = {ZAFU},
  title     = {ZAFU Beamer Theme},
  year      = {2023},
  url       = {https://www.zafu.edu.cn/},
}